<?xml version="1.0" encoding="utf-8"?>
<record xmlns="http://www.loc.gov/MARC21/slim" xmlns:xsi="http://www.w3.org/2001/XMLSchema-instance" xsi:schemaLocation="http://www.loc.gov/MARC21/slim http://www.loc.gov/standards/marcxml/schema/MARC21slim.xsd">
	<leader>
		02372nam a2200373   4500
	</leader>
	<controlfield tag="001">
		002060912
	</controlfield>
	<controlfield tag="003">
		NNU
	</controlfield>
	<controlfield tag="006">
		m        d        
	</controlfield>
	<controlfield tag="007">
		cr cn |||m|||a
	</controlfield>
	<controlfield tag="008">
		151007t19531958sy h    o     000 0 arar 
	</controlfield>
	<datafield ind1=" " ind2=" " tag="040">
		<subfield code="a">
			NNU
		</subfield>
		<subfield code="b">
			eng
		</subfield>
		<subfield code="c">
			NNU
		</subfield>
	</datafield>
	<datafield ind1="0" ind2=" " tag="050">
		<subfield code="a">
			DS51.A3
		</subfield>
		<subfield code="b">
			I25 1958
		</subfield>
	</datafield>
	<datafield ind1=" " ind2=" " tag="066">
		<subfield code="c">
			(3
		</subfield>
	</datafield>
	<datafield ind1=" " ind2=" " tag="090">
		<subfield code="a">
			DS99.A56
		</subfield>
		<subfield code="b">
			I34 1958
		</subfield>
	</datafield>
	<datafield ind1="1" ind2=" " tag="100">
		<subfield code="6">
			880-01
		</subfield>
		<subfield code="a">
			Ibn Shaddād, Muḥammad ibn ʻAlī,
		</subfield>
		<subfield code="d">
			1217-1285.
		</subfield>
	</datafield>
	<datafield ind1="1" ind2="3" tag="245">
		<subfield code="6">
			880-02
		</subfield>
		<subfield code="a">
			al-Aʻlāq al-khaṭīrah fī dhikr umarāʼ al-Shām wa-al-Jazīrah
		</subfield>
		<subfield code="p">
			al-Juzʼ al-awwal, al-qism al-awwal
		</subfield>
		<subfield code="h">
			[electronic resource] /
		</subfield>
		<subfield code="c">
			Taʼlīf ʻIzz al-Dīn kAbī ʻAbd Allāh Muḥammad ibn ʻAlī ibn Ibrāhīm Ibn Shaddād. ʻUniya bi-nashrihi wa-taḥqīqihi Dūmīnīk Sūrdīl.
		</subfield>
	</datafield>
	<datafield ind1=" " ind2=" " tag="260">
		<subfield code="6">
			880-03
		</subfield>
		<subfield code="a">
			Dimashq,
		</subfield>
		<subfield code="b">
			al-Maʻhad al-Faransī bi-Dimashq lil-Dirāsāt al-ʻArabīyah
		</subfield>
		<subfield code="c">
			1953 [i. e. 1958].
		</subfield>
	</datafield>
	<datafield ind1=" " ind2=" " tag="300">
		<subfield code="a">
			online resource (231, xxxii p.) :
		</subfield>
		<subfield code="b">
			facsims.
		</subfield>
	</datafield>
	<datafield ind1=" " ind2=" " tag="500">
		<subfield code="a">
			Added t. p.: La description d'Alep d'Ibn Šaddād, éd. critique d'al-Aʻlāq al-ḫaṭīra, tome I, section I.
		</subfield>
	</datafield>
	<datafield ind1=" " ind2=" " tag="500">
		<subfield code="a">
			Introd. and summary in French.
		</subfield>
	</datafield>
	<datafield ind1=" " ind2=" " tag="500">
		<subfield code="a">
			Part of the Arabic Collections Online (ACO) project, contributed by New York Univeristy Libraries.
		</subfield>
	</datafield>
	<datafield ind1=" " ind2=" " tag="533">
		<subfield code="a">
			Electronic reproduction.
		</subfield>
		<subfield code="b">
			New York, N.Y. :
		</subfield>
		<subfield code="c">
			New York University,
		</subfield>
		<subfield code="d">
			2015.
		</subfield>
		<subfield code="5">
			NNU
		</subfield>
	</datafield>
	<datafield ind1=" " ind2="0" tag="651">
		<subfield code="a">
			Aleppo (Syria)
		</subfield>
		<subfield code="x">
			Description and travel.
		</subfield>
	</datafield>
	<datafield ind1="1" ind2=" " tag="700">
		<subfield code="a">
			Sourdel, Dominique.
		</subfield>
	</datafield>
	<datafield ind1="2" ind2=" " tag="710">
		<subfield code="a">
			New York University.
		</subfield>
		<subfield code="b">
			Libraries.
		</subfield>
	</datafield>
	<datafield ind1="0" ind2=" " tag="730">
		<subfield code="a">
			Arabic Collections Online.
		</subfield>
	</datafield>
	<datafield ind1="0" ind2=" " tag="740">
		<subfield code="a">
			Description d'ALep d'Ibn Šaddād.
		</subfield>
	</datafield>
	<datafield ind1="0" ind2="8" tag="776">
		<subfield code="i">
			Print version:
		</subfield>
		<subfield code="a">
			Ibn Shaddād, Muḥammad ibn ʻAlī, 1217-1285.
		</subfield>
		<subfield code="t">
			al-Aʻlāq al-khaṭīrah fī dhikr umarāʼ al-Shām wa-al-Jazīrah
		</subfield>
		<subfield code="w">
			(NNU)002060912
		</subfield>
		<subfield code="w">
			(DLC)ne 65002042
		</subfield>
	</datafield>
	<datafield ind1="4" ind2="0" tag="856">
		<subfield code="u">
			http://hdl.handle.net/2333.1/sn02v9tb
		</subfield>
	</datafield>
	<datafield ind1="0" ind2=" " tag="880">
		<subfield code="6">
			100-01/
		</subfield>
		<subfield code="a">
			عز الدين أبي عبد الله محمد بن اراهيم ابن شداد.
		</subfield>
	</datafield>
	<datafield ind1="1" ind2="2" tag="880">
		<subfield code="6">
			245-02/
		</subfield>
		<subfield code="a">
			الاعلاق الخطيرة في ذكر امراء الشام والجزيرة.
		</subfield>
		<subfield code="p">
			الحزء الاول، القسم الاولز
		</subfield>
		<subfield code="c">
			تأليف عز الدين أبي عبد الله محمد بن ابراهيم ابن شداد. عني بنشره وتحقيق دومينيك سورديل.
		</subfield>
	</datafield>
	<datafield ind1=" " ind2=" " tag="880">
		<subfield code="6">
			260-03/
		</subfield>
		<subfield code="a">
			دمشق،
		</subfield>
		<subfield code="b">
			المعهد الفرنسي بدمشق للدراسات العربية
		</subfield>
		<subfield code="c">
			١٩٥٣ [i.e. 1958]
		</subfield>
	</datafield>
	<datafield ind1=" " ind2=" " tag="959">
		<subfield code="a">
			NNU
		</subfield>
		<subfield code="b">
			WEB
		</subfield>
		<subfield code="c">
			GENI
		</subfield>
		<subfield code="t">
			0
		</subfield>
		<subfield code="m">
			Electronic access
		</subfield>
		<subfield code="s">
			01
		</subfield>
	</datafield>
	<datafield ind1=" " ind2=" " tag="999">
		<subfield code="i">
			NNU_002060912
		</subfield>
		<subfield code="s">
			nyu_aco001349
		</subfield>
		<subfield code="e">
			(ERROR-880)
		</subfield>
	</datafield>
</record>
